2692 4850
813 272 1504 358 LECTURIS'.
1757 278 1766 287 ’
2023 302 2152 353 vn
2218 284 2232 299 ⁸

345 482 414 552 6,
470 476 540 560 3,
589 489 707 557 78.
760 479 864 542 De
894 480 969 541 L.
1004 479 1168 540 Varo
1202 479 1521 561 Epicureo
1553 474 1829 540 securius
1859 474 2150 561 exposui.

152 583 381 657 nullam
424 584 838 643 mentionem
893 583 1187 657 injiciens
1256 600 1516 650 eorum,
1609 599 1768 661 quae
1824 578 2150 663 disputant

152 689 276 748 vv,
313 687 465 746 Do,
503 685 581 744 aa
615 682 864 768 virgilii
909 685 1193 767 eclogam
1241 685 1307 747 6.
1358 685 1570 746 Tenet
1615 684 1794 743 enim
1840 664 2151 743 tentantia

66 810 69 815 ·
152 808 279 850 non
315 805 716 868 paucorum,
782 786 957 846 hunc
1000 784 1209 866 ipsum
1250 785 1404 863 ess‘e,
1472 804 1666 866 quem
1714 798 1781 846 et
1824 783 2153 868 Virgilius,

152 890 239 950 ibi
280 890 551 969 aliisque
591 879 1044 950 Bucolicorum
1090 888 1291 967 locis,
1340 887 1687 949 celebravit
1733 900 1800 948 et
1848 887 2155 949 Horatiae

153 991 351 1055 Carm.
401 1013 469 1064 1,
521 1001 630 1067 ¹8·
686 990 896 1071 Epod.
934 1002 999 1067 5,
1033 1001 1149 1067 75.
1210 990 1474 1049 Erudita
1530 991 1598 1049 in
1639 988 1866 1071 primia
1911 989 1992 1050 de
2037 988 2154 1051 ho·

152 1096 315 1155 mine
356 1095 651 1154 narratio
697 1092 791 1152 est·
828 1094 881 1154 1.
913 1092 994 1153 H.
1028 1086 1227 1152 Voffii
1260 1092 1337 1152 ad
1373 1092 1737 1177 Virgilium.
1846 1090 1973 1151 Hic
2015 1091 2152 1171 qui·

153 1197 288 1256 dem
321 1195 640 1257 omnibus
670 1210 967 1256 veterum
996 1194 1575 1257 Grammaticorum
1616 1194 1774 1255 locis
1811 1192 2158 1275 diligenter

153 1299 595 1379 comparandiq
636 1316 713 1358 eo
752 1316 891 1359 rem
930 1297 1229 1367 deducit,
1283 1309 1357 1357 ut
1396 1295 1764 1380 agnoscatur
1807 1296 1976 1377 apud
2019 1295 2159 1354 vir»

152 1401 363 1482 gilium
434 1397 710 1462 Alfenus
762 1397 932 1481 (five
962 1395 1272 1483 Altinius)
1335 1399 1566 1469 Varus,
1647 1397 2156 1478 dux⁴copiarum

157 1501 491 1562 Octaviani
536 1501 890 1563 dividendo
942 1521 1091 1584 agro
1149 1499 1505 1562 Mantuano
1562 1497 1952 1583 praefectus,
2034 1516 2156 1559 nee

155 1624 364 1687 negare
408 1602 681 1665 sustinet
733 1603 1015 1664 eundem
1049 1603 1355 1685 designari
1385 1617 1451 1664 et
1480 1603 1692 1665 nostro
1720 1603 1868 1664 loco
1901 1614 1967 1663 et
1992 1598 2156 1660 infra

165 1720 352 1785 10‚3,
394 1717 484 1783 8,
538 1724 905 1786 quanquam
936 1704 1152 1765 tenuia
1183 1718 1480 1787 apparere
1529 1704 1810 1787 vestigia.
1879 1700 1962 1766 cf.
2003 1720 2160 1764 eun·

160 1807 290 1868 dem
324 1808 399 1869 ad
459 1808 602 1868 Ecl.
640 1824 709 1886 9,
749 1823 862 1882 27.
968 1806 1246 1868 Varietas
1293 1805 1625 1888 scripturae
1665 1825 1801 1866 non
1845 1803 1932 1865 est
1968 1803 2157 1867 valde

157 1910 476 1971 notabilis:
544 1911 619 1969 in
653 1908 995 1990 posteriore
1026 1909 1173 1969 Vari
1206 1912 1543 1970 mentione
1576 1908 1796 1969 Turic.
1829 1917 1894 1966 et
1927 1905 2155 1986 Camp.
2241 1900 2250 1905 ’

161 2009 555 2091 consentiunt
587 2030 737 2071 cum
765 2029 1048 2090 recepta,
1108 2007 1320 2073 Guelf.
1355 2011 1461 2071 dat
1494 2008 1565 2073 V
1562 2011 1749 2087 αηῖε,
1807 2006 1972 2069 Voss'.
2001 2027 2060 2069 1.
2092 2018 2161 2066 et

163 2109 424 2176 Colbert.
469 2110 547 2175 V
538 2134 747 2174 artus.
802 2111 1243 2175 Ruhnkenius
1275 2113 1352 2173 ad
1391 2112 1609 2190 Vellei.
1655 2129 1719 2191 2,
1752 2122 1870 2188 88,
1912 2129 1942 2172 ι
1981 2109 2158 2169 hunc

161 2213 382 2274 Varum
410 2217 653 2275 ducem
685 2214 865 2274 malit
901 2212 1234 2298 agnoscere
1265 2212 1744 2289 interfectorem
1787 2208 1973 2275 Caffii
2009 2211 2160 2271 Par·-

170 2316 415 2384 meniis,
484 2336 685 2397 quarn
750 2317 1006 2376 Varium
1066 2324 1327 2397 poetam
1391 2314 1758 2400 Tragicum.
1860 2312 2159 2392 Heyniuo

169 2413 441 2500 (Excurs.
480 2420 563 2480 acl
615 2419 790 2502 Virg.
841 2418 977 2478 Ecl.
1017 2419 1129 2497 6.)
1177 2420 1437 2486 incertis
1471 2419 1647 2482 hisce
1690 2416 2158 2478 Grammatico·

160 2533 288 2579 rum
319 2520 695 2581 rumoribus
723 2521 1066 2602 quidquam
1104 2520 1301 2581 tribui
1342 2521 1516 2605 posse
1556 2533 1767 2605 negat.
1871 2520 2011 2579 Jam
2044 2534 2158 2578 no-
2241 2597 2249 2602 .

159 2618 325 2686 stram
363 2624 448 2684 de
502 2621 709 2693 Varo,
778 2617 966 2685 Canii
1009 2623 1233 2685 Severi
1277 2622 1667 2693 adversario,
1722 2624 2157 2699 conjecturam

156 2718 435 2785 diffidere
504 2721 774 2805 paulum
837 2745 871 2784 a
930 2719 1243 2786 Voffianis
1299 2726 1594 2810 cogitatis
1656 2724 1827 2784 ultro
1872 2733 2151 2803 apparet.

153 2824 379 2905 Siquid
414 2828 603 2888 enim
635 2842 809 2888 recte
838 2827 1006 2895 erui,
1097 2825 1487 2888 occasionem
1516 2827 1642 2905 joci
1665 2823 1846 2885 fuiffe
1877 2824 1945 2883 in
1981 2819 2158 2886 causa
2251 2824 2259 2834 “

146 2924 504 3008 Asprenatis
545 2931 822 2999 oranda,
918 2929 1031 2987 vix
1087 2925 1281 2988 fuerit
1334 2928 1491 2990 aliua
1553 2929 1764 3012 gentis
1803 2926 1907 2984 hic
1956 2926 2158 3014 Varus

147 3048 320 3106 quarn
353 3031 749 3112 Quintiliae.
823 3026 1094 3090 Alfenus
1126 3030 1393 3109 quidem
1424 3030 1777 3114 legitimam
1807 3027 2158 3121 gentilium

146 3134 490 3191 nominum
523 3129 798 3192 formam
830 3151 964 3190 non
997 3131 1226 3203 hbet3
1295 3151 1486 3212 quare
1516 3131 1702 3194 malis
1731 3128 1983 3191 fortaffe
2014 3144 2159 3209 pro·

145 3228 278 3292 bare
338 3235 608 3293 alteram
676 3233 1042 3312 scripturam
1106 3230 1403 3324 Alfinius.
1521 3233 1690 3293 Nam
1732 3245 1806 3291 ut
1846 3227 2159 3290 Alfenum

44 3351 51 3364 ·
139 3352 505 3417 cognomen
538 3332 724 3396 facias
762 3333 1234 3414 superadditum
1269 3337 1470 3405 Varo,
1542 3333 1784 3394 minue«
1800 3344 2017 3392 tutum
2062 3329 2157 3388 vi-

141 3434 318 3495 detur
362 3440 434 3496 in
490 3438 687 3497 nimis
730 3427 1049 3517 frequenti
1076 3441 1210 3514 ejus
1243 3439 1617 3507 mentione,
1681 3434 1865 3496 nullo
1899 3433 2020 3493 alio
2054 3430 2162 3490 ad·-

135 3539 354 3613 iuncto
406 3538 666 3622 gentili.
807 3533 1133 3608 Viciffim,
1204 3538 1249 3600 fi
1293 3553 1626 3619 quaeratur
1675 3539 1756 3599 de
1806 3534 2160 3596 Horatiano

137 3636 350 3710 Varo,
434 3641 616 3700 hunc
670 3660 809 3701 non
870 3641 997 3701 fine
1060 3639 1263 3722 specie
1310 3644 1657 3724 conjungas
1698 3658 1848 3700 cum
1898 3636 2161 3718 Quinti-

136 3739 385 3814 lia‘ne03
480 3763 640 3823 quae
719 3742 807 3802 est
886 3742 1159 3811 Maisoni
1241 3743 1309 3802 in
1394 3743 1526 3803 vita
1593 3742 1843 3803 Horatii
1905 3738 2154 3819 opinio.

137 3842 473 3905 Juniorem
522 3844 887 3926 Virgiliano
932 3841 1115 3906 facile
1162 3842 1525 3925 suspiceri8‚
1578 3864 1657 3906 ex
1705 3843 1937 3905 iisdem
1986 3839 2162 3900 notis

138 3947 369 4023 quibus
406 3963 704 4028 tempora
734 3945 1033 4029 Quintilii
1067 3945 1256 4014 Vari,
1331 3967 1470 4006 rem
1502 3946 1668 4008 male
1699 3944 1978 4029 gerentis
2004 3961 2164 4002 con-

138 4058 228 4106 tra
277 4049 697 4127 Germanoss
770 4062 838 4108 et
878 4046 1101 4110 Alfeni
1148 4048 1291 4110 lCti
1342 4050 1808 4120 excluduntur;
1888 4062 2163 4124 cumque

142 4148 443 4214 Horatius
481 4150 833 4235 asperrime
877 4150 1218 4213 insectetur
1263 4147 1541 4234 Cassium
1579 4137 1845 4231 (chnoa
1877 4148 1956 4207 ad
1992 4146 2058 4216 6.
2103 4164 2163 4213 2·
