2692 4850
873 356 1565 429 LECTURIS.
2175 376 2222 423 v

185 547 639 653 agnoscent
680 548 962 647 periti,
1056 560 1453 646 quantum
1517 540 1764 645 profit
1829 543 1963 619 hic
2018 543 2225 619 liber

185 688 580 785 reliquiis
660 683 1222 791 Quintilianeis
1244 735 1268 769 ‚
1373 676 1749 754 finceram
1823 677 2225 780 scriptoris

145 814 151 823 ¹
187 845 547 900 manum
597 819 835 895 toties
880 814 1195 927 servans
1240 819 1329 891 in
1367 815 1624 916 prima
1651 812 1788 890 sna
1816 812 2224 916 scriptura,

195 984 401 1031 cum
432 948 710 1028 relicta
735 946 908 1041 ill'a,
964 977 1166 1049 quae
1193 948 1419 1052 saepe
1448 949 1566 1024 ibi
1596 951 1929 1050 legitur,
1984 951 2240 1041 soleat:

92 1175 107 1179 ,
191 1090 579 1166 incidere
653 1090 745 1165 in
821 1088 1325 1186 reliquorum
1393 1084 1786 1161 librorum
1855 1092 2227 1167 omnium

194 1225 384 1303 fere
429 1222 730 1302 sordes.
848 1227 1056 1297 Haec
1095 1223 1403 1323 primae
1451 1220 1900 1299 Turicenfis
1943 1252 2230 1306 manus

198 1361 689 1466 praestantia
738 1358 941 1433 mire
993 1332 1273 1433 tamen³
1318 1354 1635 1433 decoxit
1682 1360 1773 1435 in
1810 1360 1991 1440 loco
2027 1364 2232 1469 Coe-

201 1499 441 1575 liano
482 1504 567 1593 4„
612 1518 654 1568 2
698 1508 889 1570 extr.

400 1834 407 1839 .
452 1769 723 1869 Quem
784 1758 1197 1866 superiore
1254 1760 1679 1836 volumine
1725 1762 1963 1865 posui
2012 1739 2237 1845 meo-

219 1924 408 1977 mm
466 1899 911 1974 criminum
957 1880 1331 1971 libellum
1353 1953 1376 1985 ,
1463 1922 1561 1973 eo
1602 1896 1782 1973 sane
1836 1926 2008 1976 non
2060 1903 2242 1977 bre-

108 2112 113 2113 ⁷
224 2040 545 2112 viorem
575 2048 941 2134 poteram
970 2046 1049 2105 et
1076 2031 1212 2105 hic
1244 2029 1652 2126 subjicere,
1699 2031 1754 2108 fi
1784 2032 2240 2145 praesertim

227 2186 649 2247 retractare
693 2162 1080 2256 libuiffet‚
1140 2192 1345 2267 quae
1388 2169 1802 2264 interjecto
1850 2196 2021 2247 non
2080 2172 2244 2247 exi-

244 2331 409 2404 guo
465 2321 823 2403 tempore
871 2316 950 2376 et
996 2303 1171 2377 aliis
1220 2317 1299 2378 et
1348 2329 1480 2377 me
1525 2302 1700 2405 ipso
1743 2305 2246 2385 admonenti-

130 2468 141 2476 ·
207 2429 387 2516 'bus
451 2439 728 2514 didici.
852 2438 1064 2514 Cum
1125 2453 1393 2512 tamen
1449 2442 1590 2514 vix
1658 2441 1879 2541 poffit
1928 2440 2246 2544 sperari,

228 2576 446 2650 nihil
490 2580 649 2670 jam
693 2574 984 2649 erroris
1029 2576 1118 2647 in
1158 2570 1567 2676 posterum
1610 2576 1818 2651 mihi
1862 2578 2249 2678 compari-

237 2697 515 2787 tanim
536 2766 562 2798 ,
636 2707 878 2785 satius
930 2710 1083 2784 erit
1125 2707 1331 2782 hanc
1381 2709 2023 2787 emendationem
2068 2737 2254 2813 per..

235 2844 450 2921 fecto
488 2846 729 2944 operi.
750 2841 1154 2920 coronidis
1185 2844 1367 2919 loco
1401 2846 1837 2944 imponere.
1961 2848 2254 2947 Aliqua·

235 2983 572 3056 interim
603 2979 876 3054 licebit
905 2977 1280 3066 delibare,
1324 3003 1529 3079 quae
1558 2979 2043 3079 praesentem
2068 3007 2255 3082 prae

247 3118 416 3192 aliis
467 3114 865 3191 medelam
906 3108 1254 3212 flagitare
1300 3113 1756 3191 videantur.
1875 3121 1974 3191 Et
2013 3116 2260 3217 primi

241 3251 587 3352 quidem
665 3247 1111 3325 voluminis
1184 3251 1586 3324 maculam
1664 3251 1933 3326 eluere
2013 3255 2258 3353 cupio
2313 3307 2322 3320 .

1 3368 2 3377 ἵ
109 3483 115 3490 ἢ
241 3411 465 3474 eam,
578 3408 781 3483 quae
849 3382 1447 3483 ingeniofiffima
1504 3390 1659 3478 jam
1710 3386 2032 3484 pridem
2072 3412 2262 3463 con-

241 3528 552 3617 jectura
630 3515 959 3592 abstersa
1042 3514 1247 3606 fuit,
1331 3545 1463 3594 me
1550 3520 1884 3619 quidem
1957 3522 2261 3621 ignaro.

242 3657 573 3755 Nempe
670 3627 1022 3752 paratior
1106 3654 1355 3743 mihi,
1440 3658 1769 3756 opinor,
1826 3658 2086 3731 ·venia
2156 3654 2270 3744 est

249 3815 497 3891 quam
582 3793 1087 3877 Burmanno,
1187 3791 1378 3868 ICto
1471 3792 1826 3889 (qualem
1898 3793 2274 3890 peritiam

251 3933 487 4019 iactat
546 3925 970 4024 aliquoties
1035 3926 1125 4000 in
1186 3924 1529 4003 ridendo
1604 3901 2049 4028 adversario
2103 3919 2276 4019 fn0,

258 4039 749 4161 Theologo).
819 4135 826 4143 ,
870 4056 1117 4134 Pofita
1160 4058 1307 4148 est,
1384 4062 1474 4135 in
1519 4061 2002 4162 Schultingii
2036 4064 2281 4145 Iuris-

262 4196 697 4298 prudentia
745 4192 1483 4279 Ante-justinian&
1533 4225 1611 4303 p.
1648 4207 1853 4297 748,
1912 4199 2285 4278 emenda·-
2345 4233 2352 4238 ·
